@book{EpsteinAxtell1996,
  title={Growing artificial societies: Social science from the bottom up (complex adaptive systems)},
  author={Epstein, Joshua M and Axtell, Robert L},
  year={1996},
  publisher={Brookings Institution Press MIT Press}
}

@book{Batty2007,
  title={Cities and complexity: understanding cities with cellular automata, agent-based models, and fractals},
  author={Batty, Michael},
  year={2007},
  publisher={The MIT press}
}

@inproceedings{Raimbault2014,
  title={A Hybrid Network/Grid Model of Urban Morphogenesis and Optimization},
  author={Raimbault, Juste and Banos, Arnaud and Doursat, Ren{\'e}},
  booktitle={4th International Conference on Complex Systems and Applications (ICCSA 2014)},
  pages={51--60},
  year={2014},
  organization={M. A. Aziz-Alaoui, C. Bertelle, X. Z. Liu, D. Olivier}
}

@article{Schelling1969,
  title={Models of segregation},
  author={Schelling, Thomas C},
  journal={The American Economic Review},
  volume={59},
  number={2},
  pages={488--493},
  year={1969},
  publisher={JSTOR}
}
@article{LeNechet2015,
	title = {De la forme urbaine {\` a}  la structure m{\' e}tropolitaine: une typologie de la configuration interne des densit{\' e}s pour les principales m{\' e}ropoles europ{\' e}ennes de l'{Audit} {Urbain}},
	shorttitle = {De la forme urbaine {\` a}  la structure m{\' e}tropolitaine},
	url = {http://cybergeo.revues.org/26753},
	urldate = {2015-04-21},
	journal = {Cybergeo: European Journal of Geography},
	author = {Le N{\' e}chet, Florent},
	year = {2015},
	file = {[HTML] Ã  partir de revues.org:/Users/clementinecottineau/Library/Application Support/Zotero/Profiles/i69s0sxq.default/zotero/storage/EX2IAUZ4/26753.html:text/html}
}

@article{Banos2012,
	title = {Network effects in {Schelling}'s model of segregation: new evidences from agent-based simulation},
	volume = {39},
	shorttitle = {Network effects in {Schelling}'s model of segregation},
	url = {https://hal.archives-ouvertes.fr/hal-00469727/},
	number = {2},
	urldate = {2015-06-09},
	journal = {Environment and Planning B: Planning and Design},
	author = {Banos, Arnaud},
	year = {2012},
	note = {00007},
	pages = {393--405},
	file = {[PDF] Ã  partir de archives-ouvertes.fr:/Users/clementinecottineau/Library/Application Support/Zotero/Profiles/i69s0sxq.default/zotero/storage/3BW6P3DU/Banos - 2012 - Network effects in Schelling's model of segregatio.pdf:application/pdf;Snapshot:/Users/clementinecottineau/Library/Application Support/Zotero/Profiles/i69s0sxq.default/zotero/storage/7KN288A6/hal-00469727.html:text/html}
}

@techreport{CicconeHall1996,
	title = {Productivity and the density of economic activity},
	url = {http://www.nber.org/papers/w4313},
	urldate = {2016-01-08},
	institution = {National Bureau of Economic Research},
	author = {Ciccone, Antonio and Hall, Robert E.},
	year = {1993},
	note = {02487},
	file = {[PDF] Ã  partir de crei.eu:/Users/clementinecottineau/Library/Application Support/Zotero/Profiles/i69s0sxq.default/zotero/storage/74UJJCV9/Ciccone and Hall - 1993 - Productivity and the density of economic activity.pdf:application/pdf;Snapshot:/Users/clementinecottineau/Library/Application Support/Zotero/Profiles/i69s0sxq.default/zotero/storage/XVEQD4UM/w4313.html:text/html}
}

@article{FossettDietrich2009,
	title = {Effects of city size, shape, and form, and neighborhood size and shape in agent-based models of residential segregation: are {Schelling}-style preference effects robust?},
	volume = {36},
	shorttitle = {Effects of city size, shape, and form, and neighborhood size and shape in agent-based models of residential segregation},
	number = {1},
	journal = {Environment and Planning B: Planning and Design},
	author = {Fossett, Mark and Dietrich, David R.},
	year = {2009},
	note = {00026},
	pages = {149--169}
}

@article{LauriJaggi2003,
	title = {Role of'vision'in neighbourhood racial segregation: a variant of the {Schelling} segregation model},
	volume = {40},
	shorttitle = {Role of'vision'in neighbourhood racial segregation},
	number = {13},
	journal = {Urban Studies},
	author = {Laurie, Alexander J. and Jaggi, Narendra K.},
	year = {2003},
	note = {00115},
	pages = {2687--2704}
}

@article{SpielmanHarrison2014,
title = {The {Co}-evolution of {Residential} {Segregation} and the {Built} {Environment} at the {Turn} of the 20th {Century}: {A} {Schelling} {Model}},
	volume = {18},
	shorttitle = {The {Co}-evolution of {Residential} {Segregation} and the {Built} {Environment} at the {Turn} of the 20th {Century}},
	url = {http://onlinelibrary.wiley.com/doi/10.1111/tgis.12014/full},
	number = {1},
	urldate = {2015-04-21},
	journal = {Transactions in GIS},
	author = {Spielman, Seth and Harrison, Patrick},
	year = {2014},
	pages = {25--45}
}